@Article{Strachey2000,
  author   = {Strachey, Christopher},
  title    = {{Fundamental Concepts in Programming Languages}},
  journal  = {Higher-Order and Symbolic Computation},
  year     = {2000},
  volume   = {13},
  number   = {1},
  pages    = {11--49},
  month    = {Apr}
}

@Article{Michie1968,
  author    = {Michie, Donald},
  title     = {“Memo” functions and machine learning},
  journal   = {Nature},
  year      = {1968},
  volume    = {218},
  number    = {5136},
  pages     = {19--22},
  publisher = {Nature Publishing Group},
}

@Article{Connors2000,
  author    = {Connors, Daniel A. and Hunter, Hillery C. and Cheng, Ben-Chung and Hwu, Wen-Mei W.},
  title     = {Hardware Support for Dynamic Activation of Compiler-Directed Computation Reuse},
  journal   = {SIGPLAN Notices},
  year      = {2000},
  volume    = {35},
  number    = {11},
  pages     = {222--233},
  month     = nov,
  address   = {New York, NY, USA},
  publisher = {Association for Computing Machinery},
}
